<?xml version="1.0" encoding="UTF-8"?><collection xmlns="http://www.loc.gov/MARC21/slim"><record><leader>00512nam--2200169-u-4500</leader><controlfield tag="001">000050773</controlfield><controlfield tag="002">20161230</controlfield><controlfield tag="005">20161230201048</controlfield><controlfield tag="008">080402s1000------------r-----000-0-eng-d</controlfield><datafield ind1=" " ind2=" " tag="040"><subfield code="a">IFIN-HH</subfield></datafield><datafield ind1=" " ind2=" " tag="080"><subfield code="a">51</subfield></datafield><datafield ind1="1" ind2=" " tag="100"><subfield code="a">Leimanis,E. and Minorsky,N</subfield></datafield><datafield ind1="1" ind2="0" tag="245"><subfield code="a">Dynamics and Nonlinear Mechanics. Some Recent Advances in the Dynamics of Rigid Bodies and Celestial Mechanics. The Theory of Oscilations</subfield></datafield><datafield ind1=" " ind2=" " tag="260"><subfield code="a">New York</subfield><subfield code="b">John Wiley</subfield><subfield code="c">1958</subfield></datafield><datafield ind1=" " ind2=" " tag="490"><subfield code="v">Vol.II</subfield></datafield><datafield ind1=" " ind2=" " tag="852"><subfield code="c">51</subfield></datafield><datafield ind1=" " ind2=" " tag="CAT"><subfield code="a">Sys</subfield><subfield code="c">20080402</subfield><subfield code="h">120250</subfield></datafield></record></collection>